<?xml version="1.0" encoding="UTF-8"?>
  <record xmlns="http://www.loc.gov/MARC21/slim" type="Authority">
    <leader>00000nz  a2200000nc 4500</leader>
    <controlfield tag="001">104210176</controlfield>
    <controlfield tag="003">DE-101</controlfield>
    <controlfield tag="005">20150123093228.0</controlfield>
    <controlfield tag="008">960605n||aznnnaabn           | aaa    |c</controlfield>
    <datafield tag="024" ind1="7" ind2=" ">
      <subfield code="a">104210176</subfield>
      <subfield code="0">http://d-nb.info/gnd/104210176</subfield>
      <subfield code="2">gnd</subfield>
    </datafield>
    <datafield tag="035" ind1=" " ind2=" ">
      <subfield code="a">(DE-101)104210176</subfield>
    </datafield>
    <datafield tag="035" ind1=" " ind2=" ">
      <subfield code="a">(DE-588)104210176</subfield>
    </datafield>
    <datafield tag="035" ind1=" " ind2=" ">
      <subfield code="z">(DE-588a)104210176</subfield>
      <subfield code="9">v:zg</subfield>
    </datafield>
    <datafield tag="035" ind1=" " ind2=" ">
      <subfield code="z">(DE-588a)1017096406</subfield>
    </datafield>
    <datafield tag="040" ind1=" " ind2=" ">
      <subfield code="a">DE-12</subfield>
      <subfield code="c">DE-12</subfield>
      <subfield code="9">r:DE-12</subfield>
      <subfield code="b">ger</subfield>
      <subfield code="d">0103</subfield>
    </datafield>
    <datafield tag="042" ind1=" " ind2=" ">
      <subfield code="a">gnd1</subfield>
    </datafield>
    <datafield tag="043" ind1=" " ind2=" ">
      <subfield code="c">XA-DE</subfield>
    </datafield>
    <datafield tag="075" ind1=" " ind2=" ">
      <subfield code="b">p</subfield>
      <subfield code="2">gndgen</subfield>
    </datafield>
    <datafield tag="075" ind1=" " ind2=" ">
      <subfield code="b">piz</subfield>
      <subfield code="2">gndspec</subfield>
    </datafield>
    <datafield tag="079" ind1=" " ind2=" ">
      <subfield code="a">g</subfield>
      <subfield code="q">a</subfield>
      <subfield code="q">f</subfield>
      <subfield code="q">z</subfield>
      <subfield code="u">k</subfield>
    </datafield>
    <datafield tag="100" ind1="0" ind2=" ">
      <subfield code="a">Ulrich</subfield>
      <subfield code="c">Schleswig-Holstein, Herzog</subfield>
      <subfield code="d">1578-1624</subfield>
    </datafield>
    <datafield tag="375" ind1=" " ind2=" ">
      <subfield code="a">1</subfield>
      <subfield code="2">iso5218</subfield>
    </datafield>
    <datafield tag="400" ind1="0" ind2=" ">
      <subfield code="a">Ulrik</subfield>
      <subfield code="c">Slesvig-Holsten, Hertug</subfield>
      <subfield code="d">1578-1624</subfield>
    </datafield>
    <datafield tag="400" ind1="0" ind2=" ">
      <subfield code="a">Ulrich</subfield>
      <subfield code="c">von Oldenburg</subfield>
      <subfield code="d">1578-1624</subfield>
    </datafield>
    <datafield tag="400" ind1="0" ind2=" ">
      <subfield code="a">Huldericus</subfield>
      <subfield code="c">Holsatia, Dux</subfield>
      <subfield code="d">1578-1624</subfield>
    </datafield>
    <datafield tag="400" ind1="0" ind2=" ">
      <subfield code="a">Hulderich</subfield>
      <subfield code="c">Holstein, Herzog</subfield>
      <subfield code="d">1578-1624</subfield>
    </datafield>
    <datafield tag="400" ind1="1" ind2=" ">
      <subfield code="a">Oldenburg, Ulrich &#152;von&#156;</subfield>
      <subfield code="d">1578-1624</subfield>
    </datafield>
    <datafield tag="400" ind1="0" ind2=" ">
      <subfield code="a">Huldericus</subfield>
      <subfield code="c">Megapolis, Dux</subfield>
      <subfield code="d">1578-1624</subfield>
    </datafield>
    <datafield tag="400" ind1="0" ind2=" ">
      <subfield code="a">Uldaricus</subfield>
      <subfield code="c">Princeps, Haeres Norvegiae</subfield>
      <subfield code="d">1578-1624</subfield>
    </datafield>
    <datafield tag="400" ind1="0" ind2=" ">
      <subfield code="a">Uldaricus</subfield>
      <subfield code="c">Norvegia, Princeps</subfield>
      <subfield code="d">1578-1624</subfield>
    </datafield>
    <datafield tag="400" ind1="0" ind2=" ">
      <subfield code="a">Uldaricus</subfield>
      <subfield code="c">Norvvegiae Haeres</subfield>
      <subfield code="d">1578-1624</subfield>
    </datafield>
    <datafield tag="400" ind1="0" ind2=" ">
      <subfield code="a">Uldaricus</subfield>
      <subfield code="c">Norwegiae Haeres</subfield>
      <subfield code="d">1578-1624</subfield>
    </datafield>
    <datafield tag="400" ind1="0" ind2=" ">
      <subfield code="a">Ulrich</subfield>
      <subfield code="c">Schleswig-Holstein-Stormarn-Dithmarschen, Herzog</subfield>
      <subfield code="d">1578-1624</subfield>
    </datafield>
    <datafield tag="400" ind1="0" ind2=" ">
      <subfield code="a">Ulrich</subfield>
      <subfield code="c">Schleswig, Bischof</subfield>
      <subfield code="d">1578-1624</subfield>
    </datafield>
    <datafield tag="400" ind1="0" ind2=" ">
      <subfield code="a">Ulrich</subfield>
      <subfield code="c">Schwerin, Bischof</subfield>
      <subfield code="d">1578-1624</subfield>
    </datafield>
    <datafield tag="400" ind1="0" ind2=" ">
      <subfield code="a">Udalricus</subfield>
      <subfield code="c">Norwegiae Haeredis</subfield>
      <subfield code="d">1578-1624</subfield>
    </datafield>
    <datafield tag="400" ind1="1" ind2=" ">
      <subfield code="a">Mecklenburg, Ulrich &#152;von&#156;</subfield>
      <subfield code="d">1578-1624</subfield>
    </datafield>
    <datafield tag="548" ind1=" " ind2=" ">
      <subfield code="a">1578-1624</subfield>
      <subfield code="4">datl</subfield>
      <subfield code="4">https://d-nb.info/standards/elementset/gnd#dateOfBirthAndDeath</subfield>
      <subfield code="w">r</subfield>
      <subfield code="i">Lebensdaten</subfield>
    </datafield>
    <datafield tag="550" ind1=" " ind2=" ">
      <subfield code="0">(DE-101)040069494</subfield>
      <subfield code="0">(DE-588)4006949-7</subfield>
      <subfield code="0">https://d-nb.info/gnd/4006949-7</subfield>
      <subfield code="a">Bischof</subfield>
      <subfield code="4">berc</subfield>
      <subfield code="4">https://d-nb.info/standards/elementset/gnd#professionOrOccupation</subfield>
      <subfield code="w">r</subfield>
      <subfield code="i">Charakteristischer Beruf</subfield>
    </datafield>
    <datafield tag="551" ind1=" " ind2=" ">
      <subfield code="0">(DE-101)041066928</subfield>
      <subfield code="0">(DE-588)4106692-3</subfield>
      <subfield code="0">https://d-nb.info/gnd/4106692-3</subfield>
      <subfield code="a">Schleswig</subfield>
      <subfield code="4">ortw</subfield>
      <subfield code="4">https://d-nb.info/standards/elementset/gnd#placeOfActivity</subfield>
      <subfield code="w">r</subfield>
      <subfield code="i">Wirkungsort</subfield>
    </datafield>
    <datafield tag="551" ind1=" " ind2=" ">
      <subfield code="0">(DE-101)040539504</subfield>
      <subfield code="0">(DE-588)4053950-7</subfield>
      <subfield code="0">https://d-nb.info/gnd/4053950-7</subfield>
      <subfield code="a">Schwerin</subfield>
      <subfield code="4">ortw</subfield>
      <subfield code="4">https://d-nb.info/standards/elementset/gnd#placeOfActivity</subfield>
      <subfield code="w">r</subfield>
      <subfield code="i">Wirkungsort</subfield>
    </datafield>
    <datafield tag="667" ind1=" " ind2=" ">
      <subfield code="a">7</subfield>
    </datafield>
    <datafield tag="670" ind1=" " ind2=" ">
      <subfield code="a">NDB, Matrikel der Universität Rostock</subfield>
    </datafield>
    <datafield tag="678" ind1=" " ind2=" ">
      <subfield code="b">Sohn des dänischen Königs Friedrich II.; Bischof von Schleswig und Schwerin; Administrator des Bistums Schwerin; immatrikuliert an der Universität Rostock 1592; Kanzler der Universität 1603</subfield>
    </datafield>
    <datafield tag="913" ind1=" " ind2=" ">
      <subfield code="S">pnd</subfield>
      <subfield code="i">5</subfield>
      <subfield code="a">Ulrich &lt;Schleswig-Holstein, Herzog&gt;</subfield>
      <subfield code="0">(DE-588a)104210176</subfield>
    </datafield>
  </record>
